@book{Choudary2016,
  author    = {Choudary, Sangeet Paul and Parker, Geoffrey G. and Van Alstyne, Marshall W.},
  title     = {Platform Revolution: How Networked Markets are Transforming the Economy – and How to Make Them Work for You},
  year      = {2016},
  publisher = {W. W. Norton \& Company},
  address   = {New York}
}

@article{FarrellSaloner1986,
  author  = {Farrell, Joseph and Saloner, Garth},
  title   = {Installed base and compatibility: Innovation, product preannouncements, and predation},
  journal = {American Economic Review},
  year    = {1986},
  volume  = {76},
  number  = {5},
  pages   = {940--955}
}

@misc{Gunasilan2024,
  author       = {Gunasilan, Udeshi},
  title        = {VirtuAI: Who Should Our Software Be?},
  year         = {2024},
  note         = {Harvard Business Publishing Quick Case No. 8279}
}

@article{HagiuWright2013,
  author  = {Hagiu, Andrei and Wright, Julian},
  title   = {Do you really want to be an eBay?},
  journal = {Harvard Business Review},
  year    = {2013},
  volume  = {91},
  number  = {3},
  pages   = {102--108}
}

@misc{Rennella2023,
  author       = {Rennella, Max},
  title        = {DineTogether: Discriminating Tastes?},
  year         = {2023},
  note         = {Harvard Business Publishing Quick Case No. 7977}
}

@book{Reillier2017,
  author    = {Reillier, Laure Claire and Reillier, Benoît},
  title     = {Platform Strategy: How to Unlock the Power of Communities and Networks to Grow Your Business},
  year      = {2017},
  publisher = {Routledge},
  address   = {Abingdon, UK}
}

@book{ShapiroVarian1999,
  author    = {Shapiro, Carl and Varian, Hal R.},
  title     = {Information Rules: A Strategic Guide to the Network Economy},
  year      = {1999},
  publisher = {Harvard Business School Press},
  address   = {Boston}
}

@book{Srnicek2017,
  author    = {Srnicek, Nick},
  title     = {Platform Capitalism},
  year      = {2017},
  publisher = {Polity Press},
  address   = {Cambridge}
}

@book{Zuboff2019,
  author    = {Zuboff, Shoshana},
  title     = {The Age of Surveillance Capitalism: The Fight for a Human Future at the New Frontier of Power},
  year      = {2019},
  publisher = {PublicAffairs},
  address   = {New York}
}

@article{Porter2008,
  author  = {Porter, Michael E.},
  title   = {The Five Competitive Forces That Shape Strategy},
  journal = {Harvard Business Review},
  year    = {2008},
  volume  = {86},
  number  = {1},
  pages   = {78--93}
}

@misc{Lecture01,
  author       = {Hallin, Carina Antonia},
  title        = {Lecture 1: Fundamentals of Platforms},
  year         = {2025},
  howpublished = {Lecture slides},
  note         = {Google, Uber, Amazon: Management of Platform Business, Copenhagen Business School}
}

@misc{Lecture02,
  author       = {Hallin, Carina Antonia},
  title        = {Lecture 2: Platform and Network Effects},
  year         = {2025},
  howpublished = {Lecture slides},
  note         = {Google, Uber, Amazon: Management of Platform Business, Copenhagen Business School}
}

@misc{Lecture03,
  author       = {Hallin, Carina Antonia},
  title        = {Lecture 3: Platforms Shaping Culture and the Netflix Case},
  year         = {2025},
  howpublished = {Lecture slides},
  note         = {Google, Uber, Amazon: Management of Platform Business, Copenhagen Business School}
}

@misc{Lecture04,
  author       = {Hallin, Carina Antonia},
  title        = {Lecture 4: Solving the Chicken-and-Egg Problem},
  year         = {2025},
  howpublished = {Lecture slides},
  note         = {Google, Uber, Amazon: Management of Platform Business, Copenhagen Business School}
}

@misc{Lecture05,
  author       = {Hallin, Carina Antonia},
  title        = {Lecture 5: Metrics and Platform Strategy},
  year         = {2025},
  howpublished = {Lecture slides},
  note         = {Google, Uber, Amazon: Management of Platform Business, Copenhagen Business School}
}

@misc{Lecture06,
  author       = {Hallin, Carina Antonia},
  title        = {Lecture 6: Winner-Take-All Dynamics},
  year         = {2025},
  howpublished = {Lecture slides},
  note         = {Google, Uber, Amazon: Management of Platform Business, Copenhagen Business School}
}

@misc{Lecture07,
  author       = {Haataja, Vera},
  title        = {Lecture 7: Data and Surveillance},
  year         = {2025},
  howpublished = {Lecture slides},
  note         = {Google, Uber, Amazon: Management of Platform Business, Copenhagen Business School}
}

@misc{Lecture08,
  author       = {Haataja, Vera},
  title        = {Lecture 8: Platforms and Inequality},
  year         = {2025},
  howpublished = {Lecture slides},
  note         = {Google, Uber, Amazon: Management of Platform Business, Copenhagen Business School}
}

@misc{Lecture09,
  author       = {Haataja, Vera},
  title        = {Lecture 9: Gig Work and Inequality},
  year         = {2025},
  howpublished = {Lecture slides},
  note         = {Google, Uber, Amazon: Management of Platform Business, Copenhagen Business School}
}

@misc{Lecture10,
  author       = {Hallin, Carina Antonia},
  title        = {Lecture 10: Governance and Policy for Platforms},
  year         = {2025},
  howpublished = {Lecture slides},
  note         = {Google, Uber, Amazon: Management of Platform Business, Copenhagen Business School}
}

@misc{Lecture11,
  author       = {Hallin, Carina Antonia},
  title        = {Lecture 11: Platform Ethics},
  year         = {2025},
  howpublished = {Lecture slides},
  note         = {Google, Uber, Amazon: Management of Platform Business, Copenhagen Business School}
}

@misc{Lecture12,
  author       = {Haataja, Vera},
  title        = {Lecture 12: Taboo Platforms Workshop},
  year         = {2025},
  howpublished = {Lecture slides},
  note         = {Google, Uber, Amazon: Management of Platform Business, Copenhagen Business School}
}

@misc{Lecture13,
  author       = {Hallin, Carina Antonia},
  title        = {Lecture 13: Wrap-Up and Exam Preparation},
  year         = {2025},
  howpublished = {Lecture slides},
  note         = {Google, Uber, Amazon: Management of Platform Business, Copenhagen Business School}
}